# INTRODUÇÂO
@inproceedings{davis,
  author={Chad E. Davis and James J. Sluss and Thomas L. Landers and Pakize S. Pulat},
  year={2013},
  title={Innovative practices for engineering professional development courses},
  booktitle={In Frontiers in Education Conference, IEEE},
  url={http://ieeexplore.ieee.org/abstract/document/6684898/}
}

@article{cabrera,
 author={Ignacio Cabrera and Jorge Villalon and Jorge Chavez},
 year={2017},
 title={Blending Communities and Team-Based Learning in a Programming Course.},
 journal={IEEE Transactions on Education}
}

@manual{barbosa,
  author={Eduardo F. Barbosa and Dácio G. de Moura},
  year={2013},
  title={Metodologias ativas de aprendizagem na educação profissional e tecnológica},
  note={Boletim Técnico do Senac 39},
  pages={48–67}
}

@article{gomez,
  author={Elizabeth A. Gomez and Dezhi Wu and Katia Passerini},
  year={2010},
  title={Computer-Supported Team-Based Learning: The Impact of Motivation, Enjoyment and Team Contributions on Learning Outcomes},
  journal={Computers and Education}
}

@article{kam,
  author={Hwee-Joo Kam and Pairin Katerattanakul},
  year={2014},
  title={Structural Model of Team-Based Learning Using Web 2.0 Collaborative Software},
  journal={Computers and Education}
}

@inproceedings{awatramani,
  author={Mihir Awatramini and Diane Rover},
  year={2015},
  title={Team-based learning course design and assessment in computer engineering},
  booktitle={In Frontiers in Education Conference (FIE) - IEEE}
}

@article{alhomod,
  author={Sami M. Alhomod and Mohd M. Shafi},
  year={2013},
  title={Facebook as a tool to Enhance Team Based Learning},
  journal={International Journal of Computer Science}
}

@inproceedings{berge,
  author={Z. Berge and M. Collins},
  year={1993},
  title={Computer conferencing and online education},
  journal={The Abrachnet Electronic Journal on Virtual Culture},
}

@inproceedings{moran,
  author={Jose Moran},
  year={2015},
  title={Mudando a educação com metodologias ativas},
}

@inproceedings{soares,
  author={Michel dos Santos Soares},
  year={2004},
  title={Metodologias Ágeis Extreme Programming e Scrum para o desenvolvimento de Software},
  address={Universidade Presidente Antônio Carlos, MG}
}

@inproceedings{silva,
  author={F. G. Silva and S. C. P. Hoentsch and L. Silva},
  year={2009},
  title={Uma análise das metodologias ágeis FDD e Scrum sob perspectiva do modelo de qualidade MPS.BR},
  address={Universidade Federal de Sergipe, São Cristóvão}
}

# TEAM BASED LEARNING

@article{bollela,
  author={Valdes R. Bollela and Maria H. Senger and Francis S. V. Tourinho and Eliana Amaral},
  year={2014},
  title={Aprendizagem baseada em equipes: da teoria à prática},
  address={Ribeirão Preto},
  note={Medicina},
}

@article{burgess,
  author={Annette W. Burgess and Deborah M. McGregor and Craig M. Mellis},
  year={2014},
  title={Applying Established Guidelines to Team-Based Learning Programs in Medical Schools: A Systematic Review},
  journal={Academic Medicine},
  url={https://doi.org/10.1097/ACM.0000000000000162}
}

@article{sweet,
  author={Larry K. Michaelsen and Michael Sweet},
  year={2008},
  title={The Essential Elements of Team-Based Learning},
  journal={New Directions for Teaching and Learning 2008}
}

@article{matalonga,
  author={Santiago Matalonga and Gaston Mousques and Alejandro Bia},
  year={2017},
  title={Deploying Team-Based Learning at Undergraduate Software Engineering Courses},
  journal={IEEE/ACM 1st International Workshop on Software Engineering Curricula for Millennials (SECM)}
}

@inproceedings{elnagar,
  author={Ashraf Elnagar and Mahir S. Ali},
  year={2012},
  title={A modified team-based learning methodology for effective delivery of an introductory programming course},
  booktitle={In Proceedings of the 13th annual conference on Information technology education}
}

@article{ramos,
  author={Cristiane Soares Ramos and Ricardo Ajax Dias Kosloski and Elaine Venson and Rejane M. da Costa Figueiredo and
  Victor Hugo A. Deon},
  year={2018},
  title={TBL as an active learning-teaching methodology for Software Engineering courses},
  journal={In XXXII Brazilian Symposium on software engineering (SBES 2018)},
  address={São Carlos},
  url={https://dl.acm.org/citation.cfm?id=3266253}
}

@article{dean,
  author={Larry K. Michaelsen and Michael Sweet and Dean Parmelee},
  year={2008},
  title={Team-Based Learning: Small Group Learning's Next Big Step},
  journal={New Directions for Teaching and Learning},
  address={San Francisco, CA}
}

# GERENCIAMENTO

@inproceedings{brooks,
  author={Frederick P. Brooks},
  year={1987},
  title={No Silver Bullet: Essence  and Accidents of Software Engineering},
}

@inproceedings{charette,
  author={Robert Charette},
  year={2001},
  title={Fair Fight? Agile Versus Heavy Methodologies},
  note={Cutter Consortium E-project Management Advisory Service}
}

@inproceedings{beck,
  author={Kent Beck},
  year={1999},
  title={Programação Extrema Explicada},
  address={Bookman}
}

@inproceedings{lima,
  author={Igor Ribeiro Lima and Tiago de Castro Freire and Heitor Augustus Xavier Costa},
  year={2012},
  title={Implantação e Adaptação do Scrum em um Laboratório de Pesquisa e Desenvolvimento de Projetos de Software},
  note={Revista de Sistemas de Informação da FSMA}
}

@book{leffingwell,
  author={D. Leffingwell},
  title={Agile Software Requirements.},
  year={2011},
  editor={Series},
  address={Boston}
}

@inproceedings{diniz,
  author={Fabio Abrantes Diniz and Diego Grosmann and Thiago Reis da Silva and Ithalo Bruno Grigório de Moura},
  year={2009},
  title={Scrum: Uma Metodologia Ágil para Gestão e Planejamento de Projetos de Software},
}

@misc{scrum,
  title={SCRUM},
  year={2018},
  url={http://www.desenvolvimentoagil.com.br/scrum/},
  note={Acessado em: 28 de Abril de 2018}
}

@misc{xp,
  title={Extreme Programming.},
  year={2018},
  url={http://www.desenvolvimentoagil.com.br/xp/},
  note={Acessado em: 28 de Abril de 2018}
}

@misc{safe,
  title={SAFe: Scaled Agile Framework},
  year={2018},
  url={https://www.scaledagileframework.com/},
  note={Acessado em: 28 de Abril de 2018.}
}

# GOAL QUESTION METRIC

@inproceedings{solingen,
  author={Rini van Solingen and Egon Berghout},
  year={1999},
  title={The Goal/Question/Metric Method: a practical guide for quality improvement of software development},
}

@inproceedings{differding,
  author={Christiane Differding and Barbara Hoisl and Christopher M. Lott},
  year={1996},
  title={Technology package for the Goal Question Metric Paradigm},
}

@misc{junior,
  author={Jose Malcher Junior},
  year={2018},
  title={GQM - Goal Question Metric.},
  url={http://josemalcher.net/guia-de-estudos-engenharia-de-software/modelo-de-maturidade-de-software/maturidade-de-software-gqm-goal-question-metric/},
  note={Acessado em 29 de Abril de 2018.}
}

# VERIFICAÇÂO E VALIDAÇÂO

@book{pressman,
  author={Roger S. Pressman},
  year={1997},
  title={Software Engineering: A Practitioner's Approach}
}

@book{pressman1,
  author={Roger S. Pressman},
  year={1995},
  title={Engenharia de Software}
}

@book{sommerville,
  author={Ian Sommerville},
  year={2007},
  title={Engenharia de Software}
}

@book{myers,
  author={Glenford J. Myers},
  year={2004},
  title={The Art Of Software Testing}
}

@manual{mpsbr,
  author={MPS-Br},
  year={2011},
  title={Guia de Implementação – Parte 9: Implementação do MR-MPS em organizações do tipo Fábrica de Software}
}

@inproceedings{rocha,
  author={A. R. Rocha and J. C. Maldonado and K. C. Weber},
  year={2001},
  title={Software Engineering - A Practitioner’s Approach},
  address={São Paulo}
}

@inproceedings{jino,
  author={Ellen Francine Barbosa and José Carlos Maldonado and Auri Marcelo Rizzo Vincenzi and Márcio Eduardo Delamaro and Simone do Rocio Senger de Souza and Mario Jino},
  year={2001},
  title={Introdução ao Teste de Software},
}

@inproceedings{kon,
  author={Paulo Cheque Bernardo and Fabio Kon},
  year={2008},
  title={A importância dos testes automatizados},
  note={Engenharia de Software magazine}
}

# DEVOPS

@misc{amazon,
  author={Web Service Amazon},
  year={2018},
  title={Definição do Modelo de DevOps},
  url={https://aws.amazon.com/pt/devops/what-is-devops/},
  note={Acessado em 07 de Setembro de 2018.}
}

@inproceedings{medrado,
  author={Adonai Medrado},
  year={2015},
  title={O que é DevOps? Colaboração como caminho para entregar valor ao negócio},
  address={Rio de Janeiro, Brasil}
}

@inproceedings{sato,
  author={Danilo Sato},
  year={2014},
  title={DevOps na prática: entrega de software confiável e automatizada},
  address={São Paulo, Brasil}
}

@inproceedings{zalla,
  author={Vinicius Gonçalves da Rocha Junior and Luan Ferreira Cardoso and Ricardo Solon Zalla},
  year={2016},
  title={Devops: Aproximando a área de desenvolvimento da operacional},
  note={Instituto militar de Engenharias},
  address={Rio de Janeiro, Brasil}
}

@inproceedings{correa,
  author={Rodolfo Oliveira Correa},
  year={2017},
  title={ Os desafios na adoção de DevOps em empresa brasileira de tecnologia da informação no setor bancário},
  note={Instituto federal de educação, ciência e tecnologia de São paulo}
}

# SOFTWARE LIVRE

@misc{gnu,
  author={GNU},
  title={O que é software Livre.},
  year={2018},
  url={https://www.gnu.org/philosophy/free-sw.pt-br.html},
  note={Acesso em: 27 de Abril de 2018}
}


@inproceedings{augusto,
  author={Maurício Pires Augusto},
  year={2003},
  title={Um estudo sobre as motivações e orientações de usuários e programadores brasileiros de software livre},
  address={Rio de janeiro}
}

# METODOLOGIA

@misc{leonardo,
  author={Leonardo Cambraia Correa},
  year={2018},
  title={Desafios, Agilidade e Simplicidade: Uma Abordagem para Desenvolvimento Mobile},
}
